% Encoding: UTF-8

@InProceedings{nn:Abid_2016,
  author    = {Aymen Abid and Abdennaceur Kachouri and Adel Mahfoudhi},
  title     = {Anomaly detection through outlier and neighborhood data in Wireless Sensor Networks},
  booktitle = {2016 2nd International Conference on Advanced Technologies for Signal and Image Processing ({ATSIP})},
  year      = {2016},
  month     = {mar},
  publisher = {Institute of Electrical and Electronics Engineers ({IEEE})},
  doi       = {10.1109/atsip.2016.7523045},
}

@Article{nn.Subhashree2017,
  author    = {V.K. Subhashree and C. Tharini},
  title     = {An Energy Efficient Routing and Fault Tolerant Data Aggregation (EERFTDA) algorithm for wireless sensor networks},
  journal   = {Journal of High Speed Networks},
  year      = {2017},
  volume    = {23},
  number    = {1},
  pages     = {15--32},
  month     = {Jan},
  issn      = {1875-8940},
  doi       = {10.3233/JHS-170554},
  publisher = {IOS Press},
}

@Comment{jabref-meta: databaseType:bibtex;}

% Encoding: UTF-8
